@article{vaswani2017attention,
  title={Attention is all you need},
  author={Vaswani, Ashish and Shazeer, Noam and Parmar, Niki and Uszkoreit, Jakob and Jones, Llion and Gomez, Aidan N and Kaiser, {\L}ukasz and Polosukhin, Illia},
  journal={Advances in neural information processing systems},
  year={2017}
}


@inproceedings{li2023phoneme,
  title={Phoneme-level bert for enhanced prosody of text-to-speech with grapheme predictions},
  author={Li, Yinghao Aaron and Han, Cong and Jiang, Xilin and Mesgarani, Nima},
  booktitle={ICASSP 2023-2023 IEEE International Conference on Acoustics, Speech and Signal Processing (ICASSP)},
  pages={1--5},
  year={2023},
  organization={IEEE}
}
@article{zhang2022mixed,
  title={Mixed-phoneme BERT: Improving BERT with mixed phoneme and sup-phoneme representations for text to speech},
  author={Zhang, Guangyan and Song, Kaitao and Tan, Xu and Tan, Daxin and Yan, Yuzi and Liu, Yanqing and Wang, Gang and Zhou, Wei and Qin, Tao and Lee, Tan and others},
  journal={arXiv preprint arXiv:2203.17190},
  year={2022}
}
@inproceedings{mehta2024matcha,
  title={Matcha-TTS: A fast TTS architecture with conditional flow matching},
  author={Mehta, Shivam and Tu, Ruibo and Beskow, Jonas and Sz{\'e}kely, {\'E}va and Henter, Gustav Eje},
  booktitle={ICASSP 2024-2024 IEEE International Conference on Acoustics, Speech and Signal Processing (ICASSP)},
  pages={11341--11345},
  year={2024},
  organization={IEEE}
}

@inproceedings{chen2022v2c,
  title={V2C: Visual voice cloning},
  author={Chen, Qi and Tan, Mingkui and Qi, Yuankai and Zhou, Jiaqiu and Li, Yuanqing and Wu, Qi},
  booktitle={Proceedings of the IEEE/CVF Conference on Computer Vision and Pattern Recognition},
  pages={21242--21251},
  year={2022}
}

@article{ren2020fastspeech,
  title={Fastspeech 2: Fast and high-quality end-to-end text to speech},
  author={Ren, Yi and Hu, Chenxu and Tan, Xu and Qin, Tao and Zhao, Sheng and Zhao, Zhou and Liu, Tie-Yan},
  journal={arXiv preprint arXiv:2006.04558},
  year={2020}
}
@inproceedings{zhang2024speaker,
  title={From speaker to dubber: movie dubbing with prosody and duration consistency learning},
  author={Zhang, Zhedong and Li, Liang and Cong, Gaoxiang and Yin, Haibing and Gao, Yuhan and Yan, Chenggang and Hengel, Anton van den and Qi, Yuankai},
  booktitle={Proceedings of the 32nd ACM International Conference on Multimedia},
  pages={7523--7532},
  year={2024}
}